%Bibliography file for Android intermediate report