%Bibliography file for Android final report

%Here is the template entry
@misc{PhoneGap-Android,
author = "",
title = "{PhoneGap for Android}",
month = "",
year = "2011",
howpublished = "\url{http://www.phonegap.com/about}",
note = "[Online; accessed September-2011]"
}

@misc{PhoneGap-About,
author = "",
title = "{About << PhoneGap}",
month = "",
year = "2011",
howpublished = "\url{http://www.phonegap.com/start#android}",
note = "[Online; accessed September/October-2011]"
}

@misc{Wiki-PhoneGap-Eclipse,
author = "",
title = "{phonegap / phonegap-android-eclipse-quickstart}",
month = "",
year = "2011",
howpublished = "\url{http://wiki.phonegap.com/w/page/30862722/phonegap-android-eclipse-quickstart}",
note = "[Online; accessed September/October-2011]"
}

@misc{PhoneGap-Eclipse,
author = "",
title = "{PhoneGap for Android with JSLint/JSHint 1.2}",
month = "",
year = "2011",
howpublished = "\url{http://marketplace.eclipse.org/content/phonegap-android-jslintjshint}",
note =[Oneline; accessed September/October-2011]"
}

@misc{AndroidSDK-SystemRequirements,
author = "",
title = "Android {SDK} {S}ystem {R}equirements",
month = "",
year = "2011",
howpublihed = "\url{http://developer.android.com/sdk/requirements.html}",
note = "[Online; accessed September/October-2011]"
}

@misc{AndroidSDK-Download,
author = "",
title = "Android {SDK} {D}ownload",
month = "",
year = "2011",
howpublished = "\url{http://developer.android.com/sdk/index.html}",
note = "[Online; accessed September/October-2011]"
}

@misc{AndroidSDK-Installation,
author = "",
title = "Android {SDK} {I}nstallation",
month = "",
year = "2011",
howpublished = "\url{http://developer.android.com/sdk/installing.html}",
note = "[Online; accessed September/October-2011]"
}

@misc{AndroidSDK-Components,
author = "",
title = "Android {SDK} {C}omponents",
month = "",
year = "2011",
howpublished = "\url{http://developer.android.com/sdk/adding-components.html}",
note = "[Online; accessed September/October-2011]"
} 

@misc{Eclipse-Helios,
author = {},
title = {Eclipse {P}ackages},
month = "",
year = {2011},
howpublished = "\url{http://www.eclipse.org/downloads/packages/release/helios/sr2}",
note = "[Online; accessed September/October-2011]"
} 

@misc{Eclipse-ADT,
author = "",
title = "{ADT} {P}lugin for {E}clipse",
month = "",
year = "2011",
howpublished = "\url{http://developer.android.com/sdk/eclipse-adt.html#installing}",
note = "[Online; accessed September/October-2011]"
} 

@misc{Github,
author = "",
title = "Github",
month = "",
year = "2011",
howpublished = "\url{https://github.com}",
note = "[Online; accessed September/October-2011]"
} 

@misc{JavaStyle-Sun,
author = "",
title = "{Code Conventions for the Java TM Programming Language}",
month = "August",
date = "20",
year = "1999",
howpublished = "\url{http://www.oracle.com/technetwork/java/codeconvtoc-136057.html
}",
note = "[Online; accessed October-2011]"
} 

@misc{JavaStyle-JavaRanch,
author = "Paul Wheaton",
title = "{Java Programming Style Guide}",
month = "",
date = "",
year = "2011",
howpublished = "\url{http://www.javaranch.com/style.jsp}",
note = "[Online; accessed October-2011]"
} 

@misc{JavaScriptStyle-Google,
author = "Aaron Whyte and Bob Jervis and Dan Pupius and Eric Arvidsson and Fritz Schneider and Robby Walker",
title = "{Google JavaScript Style Guide}",
version = "2.20",
howpublished = "\url{http://google-styleguide.googlecode.com/svn/trunk/javascriptguide.xml}",
note = "[Online; accessed October-2011]"
} 


@misc{HTMLStyle-WDVL,
author = "",
title = "{The WDVL Style Guide}",
year = "2011",
howpublished = "\url{http://wdvl.internet.com/Authoring/Style/Guides/WDVL.html}",
note = "[Online; accessed October-2011]"
} 

@misc{CSSStyle-SmashingMagazine,
author = "Vitaly Friedman",
title = "{Improving Code Readability With CSS Styleguides}",
month = "May",
year = "2008",
howpublished = "\url{http://coding.smashingmagazine.com/2008/05/02/improving-code-readability-with-css-styleguides/}",
note = "[Online; accessed October-2011]"
} 