@article{beck99,     
    author = {Beck, Kent},
    day = {05},
    edition = {US ed},
    howpublished = {Paperback},
    isbn = {0201616416},
    keywords = {xp},
    month = {July},
    posted-at = {2006-05-21 14:50:32},
    priority = {2},
    publisher = {Addison-Wesley Professional},
    title = {{Extreme Programming Explained: Embrace Change}},
    url = {http://www.worldcat.org/isbn/0201616416},
    year = {1999},
    journal = {Computer}
}

@article{rising00,
 author = {Rising, Linda and Janoff, Norman S.},
  title = {The Scrum Software Development Process for Small Teams},
   journal = {IEEE Softw.},
    volume = {17},
     issue = {4},
      month = {July},
       year = {2000},
        issn = {0740-7459},
 pages = {26--32},
  numpages = {7},
   url = {http://dl.acm.org/citation.cfm?id=624638.626150},
    doi = {10.1109/52.854065},
     acmid = {626150},
      publisher = {IEEE Computer Society Press},
       address = {Los Alamitos, CA, USA},
        keywords = {software development process, incremental software development, project management, risk management, time boxing, postmortems, requirements change, team size, team communication.},
} 


